
@article{Khachatryan:2016npv,
      author         = "Khachatryan, Vardan and others",
      title          = "{Observation of the decay $B^+ \to \psi(2S) \phi(1020)
                        K^+$ in pp collisions at $\sqrt s =$ 8 TeV}",
      collaboration  = "CMS",
      journal        = "Phys. Lett.",
      volume         = "B764",
      year           = "2017",
      pages          = "66-86",
      doi            = "10.1016/j.physletb.2016.11.001",
      eprint         = "1607.02638",
      archivePrefix  = "arXiv",
      primaryClass   = "hep-ex",
      reportNumber   = "CMS-BPH-13-009, CERN-EP-2016-161",
      SLACcitation   = "%%CITATION = ARXIV:1607.02638;%%"
}

@article{Loring:2001kx,
      author         = "Loring, Ulrich and Metsch, Bernard C. and Petry, Herbert
                        R.",
      title          = "{The Light baryon spectrum in a relativistic quark model
                        with instanton induced quark forces: The Nonstrange baryon
                        spectrum and ground states}",
      journal        = "Eur. Phys. J.",
      volume         = "A10",
      year           = "2001",
      pages          = "395-446",
      doi            = "10.1007/s100500170105",
      eprint         = "hep-ph/0103289",
      archivePrefix  = "arXiv",
      primaryClass   = "hep-ph",
      reportNumber   = "TK-01-06",
      SLACcitation   = "%%CITATION = HEP-PH/0103289;%%"
}
@article{Chatrchyan:2013dma,
      author         = "Chatrchyan, Serguei and others",
      title          = "{Observation of a peaking structure in the $J/\psi \phi$
                        mass spectrum from $B^{\pm} \to J/\psi \phi K^{\pm}$
                        decays}",
      collaboration  = "CMS collaboration",
      journal        = "Phys. Lett.",
      volume         = "B734",
      year           = "2014",
      pages          = "261-281",
      doi            = "10.1016/j.physletb.2014.05.055",
      eprint         = "1309.6920",
      archivePrefix  = "arXiv",
      primaryClass   = "hep-ex",
      reportNumber   = "CMS-BPH-11-026, CERN-PH-EP-2013-167",
      SLACcitation   = "%%CITATION = ARXIV:1309.6920;%%"
}
@article{Abazov:2013xda,
      author         = "Abazov, Victor Mukhamedovich and others",
      title          = "{Search for the $X(4140)$ state in $\Bp\to\jpsi\phi
\Kp$
                        decays with the D0 detector}",
      collaboration  = "D0 collaboration",
      journal        = "Phys. Rev.",
      volume         = "D89",
      year           = "2014",
      pages          = "012004",
      doi            = "10.1103/PhysRevD.89.012004",
      eprint         = "1309.6580",
      archivePrefix  = "arXiv",
      primaryClass   = "hep-ex",
      reportNumber   = "FERMILAB-PUB-13-405-E",
      SLACcitation   = "%%CITATION = ARXIV:1309.6580;%%"
}

@article{Abazov:2015sxa,
      author         = "Abazov, Victor Mukhamedovich and others",
      title          = "{Inclusive Production of the X(4140) State in $p
                        \overline p$ Collisions at D0}",
      collaboration  = "D0 collaboration",
      journal        = "Phys. Rev. Lett.",
      volume         = "115",
      year           = "2015",
      pages          = "232001",
      doi            = "10.1103/PhysRevLett.115.232001",
      eprint         = "1508.07846",
      archivePrefix  = "arXiv",
      primaryClass   = "hep-ex",
      reportNumber   = "FERMILAB-PUB-15-373-E",
      SLACcitation   = "%%CITATION = ARXIV:1508.07846;%%"
}

@article{ChengPing:2009vu,
      author         = "Cheng-Ping, Shen",
      title          = "{XYZ particles at Belle}",
      booktitle      = "{Proceedings, 6th International Workshop on e+e-
                        Collisions from Phi to Psi (PHIPSI09): Beijing, China,
                        October 13-16, 2009}",
      collaboration  = "Belle collaboration",
      journal        = "Chin. Phys.",
      volume         = "C34",
      year           = "2010",
      pages          = "615-620",
      doi            = "10.1088/1674-1137/34/6/001",
      eprint         = "0912.2386",
      archivePrefix  = "arXiv",
      primaryClass   = "hep-ex",
      SLACcitation   = "%%CITATION = ARXIV:0912.2386;%%"
}
@article{Olsen:2014qna,
      author         = "Olsen, Stephen Lars",
      title          = "{A New Hadron Spectroscopy}",
      journal        = "Front. Phys.(Beijing)",
      volume         = "10",
      year           = "2015",
      pages          = "121-154",
      doi            = "10.1007/S11467-014-0449-6",
      eprint         = "1411.7738",
      archivePrefix  = "arXiv",
      primaryClass   = "hep-ex",
      SLACcitation   = "%%CITATION = ARXIV:1411.7738;%%"
}
@article{Pilloni:2015doa,
      author         = "Pilloni, A.",
      title          = "{XYZ: four-quark states?}",
      booktitle      = "{Proceedings, 24th Conference on High Energy Physics
                        (IFAE 2015): Rome, Italy, April 8-10, 2015}",
      journal        = "Nuovo Cim.",
      volume         = "C39",
      year           = "2016",
      pages          = "235",
      doi            = "10.1393/ncc/i2016-16235-8",
      eprint         = "1508.03823",
      archivePrefix  = "arXiv",
      primaryClass   = "hep-ph",
      SLACcitation   = "%%CITATION = ARXIV:1508.03823;%%"
}
@article{Lees:2014lra,
      author         = "Lees, J. P. and others",
      title          = "{Study of $B^{\pm,0} \to J/\psi K^+ K^- K^{\pm,0}$ and
                        search for $B^0 \to J/\psi\phi$ at BABAR}",
      collaboration  = "BaBar collaboration",
      journal        = "Phys. Rev.",
      volume         = "D91",
      year           = "2015",
      pages          = "012003",
      doi            = "10.1103/PhysRevD.91.012003",
      eprint         = "1407.7244",
      archivePrefix  = "arXiv",
      primaryClass   = "hep-ex",
      reportNumber   = "BABAR-PUB-13-019, SLAC-PUB-16048",
      SLACcitation   = "%%CITATION = ARXIV:1407.7244;%%"
}
@article{Aaltonen:2011at,
      author         = "Aaltonen, T. and others",
      title          = "{Observation of the $Y(4140)$ structure in the
                        $J/\psi\,\phi$ Mass Spectrum in $B^\pm\to J/\psi\,\phi K$
                        decays}",
      collaboration  = "CDF collaboration",
      year           = "2011",
      eprint         = "1101.6058",
      archivePrefix  = "arXiv",
      primaryClass   = "hep-ex",
      reportNumber   = "FERMILAB-PUB-11-019-E",
      SLACcitation   = "%%CITATION = ARXIV:1101.6058;%%"
}
@article{Aaltonen:2009tz,
      author         = "Aaltonen, T. and others",
      title          = "{Evidence for a Narrow Near-Threshold Structure in the
                        $J/\psi\phi$ Mass Spectrum in $B^+\to J/\psi\phi K^+$
                        Decays}",
      collaboration  = "CDF collaboration",
      journal        = "Phys. Rev. Lett.",
      volume         = "102",
      year           = "2009",
      pages          = "242002",
      doi            = "10.1103/PhysRevLett.102.242002",
      eprint         = "0903.2229",
      archivePrefix  = "arXiv",
      primaryClass   = "hep-ex",
      reportNumber   = "FERMILAB-PUB-09-064-E",
      SLACcitation   = "%%CITATION = ARXIV:0903.2229;%%"
}

@article{D0:2016mwd,
      author         = "Abazov, V. M. and others",
      title          = "{Evidence for a $B_s^0 \pi^\pm$ state}",
      collaboration  = "D0 collaboration",
      journal        = "Phys. Rev. Lett.",
      volume         = "117",
      year           = "2016",
      pages          = "022003",
      doi            = "10.1103/PhysRevLett.117.022003",
      eprint         = "1602.07588",
      archivePrefix  = "arXiv",
      primaryClass   = "hep-ex",
      reportNumber   = "FERMILAB-PUB-16-038-E",
      SLACcitation   = "%%CITATION = ARXIV:1602.07588;%%"
}
@article{Soffer:1991am,
      author         = "{Soffer, Jacques and T\"{o}rnqvist, Nils A.}",
      title          = "{Origin of the polarization for inclusive $\Lz$
                        production in $pp$ collisions}",
      journal        = "Phys. Rev. Lett.",
      volume         = "68",
      year           = "1992",
      pages          = "907-910",
      doi            = "10.1103/PhysRevLett.68.907",
      reportNumber   = "CPT-91-P-2559, HU-TFT-91-30",
      SLACcitation   = "%%CITATION = PRLTA,68,907;%%"
}
@article{Wang:2011rga,
      author         = "Wang, W. L. and Huang, F. and Zhang, Z. Y. and Zou, B.
                        S.",
      title          = "{$\Sigma_c \overline{D}$ and $\Lambda_c \overline{D}$ states in a
                        chiral quark model}",
      journal        = "Phys. Rev.",
      volume         = "C84",
      year           = "2011",
      pages          = "015203",
      doi            = "10.1103/PhysRevC.84.015203",
      eprint         = "1101.0453",
      archivePrefix  = "arXiv",
      primaryClass   = "nucl-th",
      SLACcitation   = "%%CITATION = ARXIV:1101.0453;%%"
}
@article{Xie:2009rka,
      author         = "Xie, Yuehong",
      title          = "{sFit: a method for background subtraction in maximum
                        likelihood fit}",
      year           = "2009",
      eprint         = "0905.0724",
      archivePrefix  = "arXiv",
      primaryClass   = "physics.data-an",
      SLACcitation   = "%%CITATION = ARXIV:0905.0724;%%"
}
@article{Hogaasen:1978jw,
      author         = "{H\"{o}gaasen, H. and Sorba, P.}",
      title          = "{The systematics of possibly narrow quark states with
                        baryon number one}",
      journal        = "Nucl. Phys.",
      volume         = "B145",
      year           = "1978",
      pages          = "119",
      doi            = "10.1016/0550-3213(78)90417-0",
      reportNumber   = "CERN-TH-2500",
      SLACcitation   = "%%CITATION = NUPHA,B145,119;%%"
}
@article{Rossi:1977cy,
      author         = "Rossi, G. C. and Veneziano, G.",
      title          = "{A possible description of baryon dynamics in dual and
                        gauge theories}",
      journal        = "Nucl. Phys.",
      volume         = "B123",
      year           = "1977",
      pages          = "507",
      doi            = "10.1016/0550-3213(77)90178-X",
      reportNumber   = "CERN-TH-2287",
      SLACcitation   = "%%CITATION = NUPHA,B123,507;%%"
}
@article{Maiani:2004vq,
      author         = "Maiani, L. and Piccinini, F. and Polosa, A. D. and
                        Riquer, V.",
      title          = "{Diquark-antidiquarks with hidden or open charm and the
                        nature of X(3872)}",
      journal        = "Phys. Rev.",
      volume         = "D71",
      year           = "2005",
      pages          = "014028",
      doi            = "10.1103/PhysRevD.71.014028",
      eprint         = "hep-ph/0412098",
      archivePrefix  = "arXiv",
      primaryClass   = "hep-ph",
      reportNumber   = "ROMA1-1396-2004, FNT-T-2004-20, BA-TH-502-04,
                        CERN-PH-TH-2004-239",
      SLACcitation   = "%%CITATION = HEP-PH/0412098;%%"
}
@article{Yang:2011wz,
      author         = "Yang, Zhong-Cheng and Sun, Zhi-Feng and He, Jun and Liu,
                        Xiang and Zhu, Shi-Lin",
      title          = "{The possible hidden-charm molecular baryons composed of
                        anti-charmed meson and charmed baryon}",
      journal        = "Chin. Phys.",
      volume         = "C36",
      year           = "2012",
      pages          = "6-13",
      doi            = "10.1088/1674-1137/36/1/002",
      eprint         = "1105.2901",
      archivePrefix  = "arXiv",
      primaryClass   = "hep-ph",
      SLACcitation   = "%%CITATION = ARXIV:1105.2901;%%"
}
@misc{Zweig:1964,
     author         = "Zweig, George",
     title          = "{An SU$_3$ model for strong interaction symmetry and its breaking}",
     note           = "{\href{http://cds.cern.ch/record/352337/files/CERN-TH-401.pdf}{CERN-TH-401, 1964}}",
     SLACcitation   = "%%CITATION = CERN-TH-401 ETC.;%%",
}
@misc{Chung:1971ri,
     author         = "Chung, Suh Urk",
     title          = "{Spin formalisms}",
     note           = "CERN-71-08",
     SLACcitation   = "%%CITATION = CERN-71-08 ETC.;%%",
}
@misc{Richman:1984gh,
     author         = "Richman, Jeffrey D.",
     title          = "{An experimenter's guide to the helicity formalism}",
     note           = "CALT-68-1148",
     SLACcitation   = "%%CITATION = CALT-68-1148 ETC.;%%",
}
@article{Jacob:1959at,
     author         = "Jacob, M. and Wick, G.C.",
     title          = "{On the general theory of collisions for particles with
                       spin}",
     journal        = "Annals Phys.",
     volume         = "7",
     pages          = "404-428",
     doi            = "10.1016/0003-4916(59)90051-X",
     year           = "1959",
     SLACcitation   = "%%CITATION = APNYA,7,404;%%",
}
@article{Jaffe:2003sg,
     author         = "Jaffe, Robert L. and Wilczek, Frank",
     title          = "{Diquarks and exotic spectroscopy}",
     journal        = "Phys.Rev.Lett.",
     volume         = "91",
     pages          = "232003",
     doi            = "10.1103/PhysRevLett.91.232003",
     year           = "2003",
     eprint         = "hep-ph/0307341",
     archivePrefix  = "arXiv",
     primaryClass   = "hep-ph",
     reportNumber   = "MIT-CTP-3401",
     SLACcitation   = "%%CITATION = HEP-PH/0307341;%%",
}
@article{Roca:2015tea,
      author         = "Roca, Luis and Mai, Maxim and Oset, Eulogio and Mei§ner,
                        Ulf-G.",
      title          = "{Predictions for the ${{\Lambda }_b \rightarrow J/\psi ~
                        \Lz (1405)}$ decay}",
      journal        = "Eur.Phys.J.",
      volume         = "C75",
      pages          = "218",
      doi            = "10.1140/epjc/s10052-015-3438-1",
      year           = "2015",
      eprint         = "1503.02936",
      archivePrefix  = "arXiv",
      primaryClass   = "hep-ph",
      SLACcitation   = "%%CITATION = ARXIV:1503.02936;%%",
}
@article{Wu:2010jy,
      author         = "Wu, Jia-Jun and Molina, R. and Oset, E. and Zou, B.S.",
      title          = "{Prediction of narrow $N^*$ and $\Lz^*$ resonances
                        with hidden charm above 4 GeV}",
      journal        = "Phys.Rev.Lett.",
      volume         = "105",
      pages          = "232001",
      doi            = "10.1103/PhysRevLett.105.232001",
      year           = "2010",
      eprint         = "1007.0573",
      archivePrefix  = "arXiv",
      primaryClass   = "nucl-th",
      SLACcitation   = "%%CITATION = ARXIV:1007.0573;%%",
}
@article{Chandra:2012zz,
     author         = "Chandra, A. and Bhattacharya, A. and Chakrabarti, B.",
     title          = "{Heavy pentaquarks and doubly heavy baryons in
                       quasiparticle approach}",
     journal        = "Mod.Phys.Lett.",
     volume         = "A27",
     pages          = "1250006",
     doi            = "10.1142/S021773231250006X",
     year           = "2012",
     SLACcitation   = "%%CITATION = MPLAE,A27,1250006;%%",
}

@article{Karliner:2003dt,
     author         = "Karliner, Marek and Lipkin, Harry J.",
     title          = "{A diquark - triquark model for the $K N$ pentaquark}",
     journal        = "Phys.Lett.",
     volume         = "B575",
     pages          = "249-255",
     doi            = "10.1016/j.physletb.2003.09.062",
     year           = "2003",
     eprint         = "hep-ph/0402260",
     archivePrefix  = "arXiv",
     primaryClass   = "hep-ph",
     SLACcitation   = "%%CITATION = HEP-PH/0402260;%%",
}
@article{Karliner:2015ina,
      author         = "Karliner, Marek and Rosner, Jonathan L.",
      title          = "{New exotic meson and baryon resonances from doubly-heavy
                        hadronic molecules}",
      year           = "2015",
      eprint         = "1506.06386",
      archivePrefix  = "arXiv",
      primaryClass   = "hep-ph",
      reportNumber   = "EFI-15-20",
      SLACcitation   = "%%CITATION = ARXIV:1506.06386;%%",
}
@article{Voloshin:1976ap,
      author         = "Voloshin, M.B. and Okun, L.B.",
      title          = "{Hadron molecules and charmonium atom}",
      journal        = "JETP Lett.",
      volume         = "23",
      pages          = "333-336",
      year           = "1976",
      SLACcitation   = "%%CITATION = JTPLA,23,333;%%",
}
@article{Hulsbergen:2005pu,
      author         = "Hulsbergen, Wouter D.",
      title          = "{Decay chain fitting with a Kalman filter}",
      journal        = "Nucl.Instrum.Meth.",
      volume         = "A552",
      pages          = "566-575",
      doi            = "10.1016/j.nima.2005.06.078",
      year           = "2005",
      eprint         = "physics/0503191",
      archivePrefix  = "arXiv",
      primaryClass   = "physics",
      SLACcitation   = "%%CITATION = PHYSICS/0503191;%%",
}
@article{DeRujula:1976qd,
      author         = "De~Rujula, A. and Georgi, Howard and Glashow, S.L.",
      title          = "{Molecular charmonium: a new spectroscopy?}",
      journal        = "Phys.Rev.Lett.",
      volume         = "38",
      pages          = "317",
      doi            = "10.1103/PhysRevLett.38.317",
      year           = "1977",
      reportNumber   = "HUTP-76/A176",
      SLACcitation   = "%%CITATION = PRLTA,38,317;%%",
}
@article{Tornqvist:1991ks,
      author         = {T\"{o}rnqvist, Nils A"},
      title          = "{Possible large deuteron--like meson meson states bound
                        by pions}",
      journal        = "Phys.Rev.Lett.",
      volume         = "67",
      pages          = "556-559",
      doi            = "10.1103/PhysRevLett.67.556",
      year           = "1991",
      reportNumber   = "HU-TFT-91-17-REV, HU-TFT-91-17",
      SLACcitation   = "%%CITATION = PRLTA,67,556;%%",
}
@article{Tornqvist:1993ng,
      author         = {T\"{o}rnqvist, Nils A"},
      title          = "{From the deuteron to deusons, an analysis of 
                        deuteron--like meson meson bound states}",
      journal        = "Z.Phys.",
      volume         = "C61",
      pages          = "525-537",
      doi            = "10.1007/BF01413192",
      year           = "1994",
      eprint         = "hep-ph/9310247",
      archivePrefix  = "arXiv",
      primaryClass   = "hep-ph",
      reportNumber   = "HU-SEFT-R-1993-12",
      SLACcitation   = "%%CITATION = HEP-PH/9310247;%%",
}

@article{Sjostrand:2007gs,
      author         = {Sj\"{o}strand, Torbj\"{o}rn and Mrenna, Stephen and
                        Skands, Peter"},
      title          = "{A brief introduction to PYTHIA 8.1}",
      journal        = "Comput.Phys.Commun.",
      volume         = "178",
      pages          = "852-867",
      doi            = "10.1016/j.cpc.2008.01.036",
      year           = "2008",
      eprint         = "0710.3820",
      archivePrefix  = "arXiv",
      primaryClass   = "hep-ph",
      reportNumber   = "CERN-LCGAPP-2007-04, LU-TP-07-28,
                        FERMILAB-PUB-07-512-CD-T",
      SLACcitation   = "%%CITATION = ARXIV:0710.3820;%%",
}
@Book{Blatt-Weisskopf-1979,
 author        = "J.M. Blatt and V.F. Weisskopf",
 title         = "Theoretical Nuclear Physics",
 year          = "1979",
 publisher     = "Springer-Verlag",
}
@article{Dalitz:1953cp,
      author         = "Dalitz, R.H.",
      title          = "{On the analysis of $\tau$-meson data and the nature of the
                        $\tau$-meson}",
      journal        = "Phil.Mag.",
      volume         = "44",
      pages          = "1068-1080",
      doi            = "10.1080/14786441008520365",
      year           = "1953",
      SLACcitation   = "%%CITATION = PHMAA,44,1068;%%",
}
@article{Aaij:2013oxa,
      author         = "Aaij, R and others",
      title          = "{Measurements of the $\Lb \to J/\psi \Lz$
                        decay amplitudes and the $\Lb$ polarization in
                        $pp$ collisions at $\sqrt{s} = 7$ TeV}",
      collaboration  = "LHCb collaboration",
      journal        = "Phys.Lett.",
      volume         = "B724",
      pages          = "27-35",
      doi            = "10.1016/j.physletb.2013.05.041",
      year           = "2013",
      eprint         = "1302.5578",
      archivePrefix  = "arXiv",
      primaryClass   = "hep-ex",
      reportNumber   = "LHCB-PAPER-2012-057, CERN-PH-EP-2013-020",
      SLACcitation   = "%%CITATION = ARXIV:1302.5578;%%",
}
@article{LHCb-DP-2012-003,
      author         = "Adinolfi, M. and others",
      title          = "{Performance of the \lhcb RICH detector at the LHC}",
      journal        = "Eur. Phys. J.",
      volume         = "C73",
      pages          = "2431",
      doi            = "10.1140/epjc/s10052-013-2431-9",
      year           = "2013",
      eprint         = "1211.6759",
      archivePrefix  = "arXiv",
      primaryClass   = "physics.ins-det",
      reportNumber   = "LHCb-DP-2012-003",
      SLACcitation   = "%%CITATION = ARXIV:1211.6759;%%",
}
% EVTGEN
@Article{Lange:2001uf,
     author    = "Lange, D. J.",
     title     = "{The EvtGen particle decay simulation package}",
     journal   = "Nucl. Instrum. Meth.",
     volume    = "A462",
     year      = "2001",
     pages     = "152-155",
     doi       = "10.1016/S0168-9002(01)00089-4",
     SLACcitation  = "%%CITATION = NUIMA,A462,152;%%"
}
@article{LHCb-DP-2012-002,
      author       = "Alves Jr., A A and others",
      title        = "{Performance of the LHCb muon system}",
      journal      = "JINST",
      volume       = "8",
      pages        = "P02022",
      doi          = "10.1088/1748-0221/8/02/P02022",
      year         = "2013",
      eprint       = "1211.1346",
      archivePrefix= "arXiv",
      primaryClass = "physics.ins-det",
      reportNumber = "LHCb-DP-2012-002",
}
@article{LHCb-DP-2013-003,
      author         = "Arink, R. and others",
      title          = "{Performance of the LHCb Outer Tracker}",
      journal        = "JINST",
      volume         = "9",
      pages          = "P01002",
      doi            = "10.1088/1748-0221/9/01/P01002",
      year           = "2014",
      eprint         = "1311.3893",
      archivePrefix  = "arXiv",
      primaryClass   = "physics.ins-det",
      reportNumber   = "LHCB-DP-2013-003",
      SLACcitation   = "%%CITATION = ARXIV:1311.3893;%%",
}
@article{LHCb-DP-2014-001,
      author         = "Aaij, R. and others",
      title          = "{Performance of the LHCb Vertex Locator}",
      journal        = "JINST",
      volume         = "9",
      pages          = "P09007",
      doi            = "10.1088/1748-0221/9/09/P09007",
      year           = "2014",
      eprint         = "1405.7808",
      archivePrefix  = "arXiv",
      primaryClass   = "physics.ins-det",
      reportNumber   = "LHCB-DP-2014-001",
      SLACcitation   = "%%CITATION = ARXIV:1405.7808;%%",
}
@article{Flatte:1976xu,
      author         = "Flatt\'e, Stanley M.",
      title          = "{Coupled-channel analysis of the $\pi \eta$ and $K \overline{K}$
                        systems near $K \overline{K}$ threshold}",
      journal        = "Phys.Lett.",
      volume         = "B63",
      pages          = "224",
      doi            = "10.1016/0370-2693(76)90654-7",
      year           = "1976",
      reportNumber   = "CERN-EP-PHYS-76-8",
      SLACcitation   = "%%CITATION = PHLTA,B63,224;%%",
}
@article{Li:2014gra,
      author         = "Li, Xue-Qian and Liu, Xiang",
      title          = "{A possible global group structure for exotic states}",
      journal        = "Eur.Phys.J.",
      volume         = "C74",
      pages          = "3198",
      doi            = "10.1140/epjc/s10052-014-3198-3",
      year           = "2014",
      eprint         = "1409.3332",
      archivePrefix  = "arXiv",
      primaryClass   = "hep-ph",
      SLACcitation   = "%%CITATION = ARXIV:1409.3332;%%",
}
@article{VonHippel:1972fg,
      author         = "Von Hippel, F. and Quigg, C.",
      title          = "{Centrifugal-barrier effects in resonance partial decay
                        widths, shapes, and production amplitudes}",
      journal        = "Phys.Rev.",
      volume         = "D5",
      pages          = "624-638",
      doi            = "10.1103/PhysRevD.5.624",
      year           = "1972",
      SLACcitation   = "%%CITATION = PHRVA,D5,624;%%",
}
@article{Aaij:2011fx,
      author         = "Aaij, R. and others",
      title          = "{First observation of $B_s^0 \to J/\psi f_0(980)$ decays}",
      collaboration  = "LHCb collaboration",
      journal        = "Phys. Lett.",
      volume         = "B698",
      pages          = "115",
      doi            = "10.1016/j.physletb.2011.03.006",
      year           = "2011",
      eprint         = "1102.0206",
      archivePrefix  = "arXiv",
      primaryClass   = "hep-ex",
}@article{Hicks:2012zz,
      author         = "Hicks, Kenneth H.",
      title          = "{On the conundrum of the pentaquark}",
      journal        = "Eur.Phys.J.",
      volume         = "H37",
      pages          = "1-31",
      doi            = "10.1140/epjh/e2012-20032-0",
      year           = "2012",
      SLACcitation   = "%%CITATION = EPHJA,H37,1;%%",
}
@article{Jaffe:1976ig,
      author         = "Jaffe, Robert L.",
      title          = "{Multiquark hadrons. I. Phenomenology of $Q^2\overline{Q}^2$ mesons}",
      journal        = "Phys.Rev.",
      volume         = "D15",
      pages          = "267",
      doi            = "10.1103/PhysRevD.15.267",
      year           = "1977",
      reportNumber   = "SLAC-PUB-1772",
      SLACcitation   = "%%CITATION = PHRVA,D15,267;%%",
}
@article{Strottman:1979qu,
      author         = "Strottman, D.",
      title          = "{Multi-quark baryons and the MIT bag model}",
      journal        = "Phys.Rev.",
      volume         = "D20",
      pages          = "748-767",
      doi            = "10.1103/PhysRevD.20.748",
      year           = "1979",
      SLACcitation   = "%%CITATION = PHRVA,D20,748;%%",
}
@article{Lipkin:1987sk,
      author         = "Lipkin, Harry J.",
      title          = "{New possibilities for exotic hadrons: Anticharmed
                        strange baryons}",
      journal        = "Phys.Lett.",
      volume         = "B195",
      pages          = "484",
      doi            = "10.1016/0370-2693(87)90055-4",
      year           = "1987",
      reportNumber   = "WIS-87/32-PH",
      SLACcitation   = "%%CITATION = PHLTA,B195,484;%%",
}
@article{Nakano:2003qx,
      author         = "Nakano, T. and others",
      title          = "{Evidence for a narrow S = +1 baryon resonance in
                        photoproduction from the neutron}",
      collaboration  = "LEPS",
      journal        = "Phys.Rev.Lett.",
      volume         = "91",
      pages          = "012002",
      doi            = "10.1103/PhysRevLett.91.012002",
      year           = "2003",
      eprint         = "hep-ex/0301020",
      archivePrefix  = "arXiv",
      primaryClass   = "hep-ex",
      SLACcitation   = "%%CITATION = HEP-EX/0301020;%%",
}
@article{Barmin:2003vv,
      author         = "Barmin, V.V. and others",
      title          = "{Observation of a baryon resonance with positive
                        strangeness in $K^+$ collisions with Xe nuclei}",
      collaboration  = "DIANA",
      journal        = "Phys.Atom.Nucl.",
      volume         = "66",
      pages          = "1715-1718",
      doi            = "10.1134/1.1611587",
      year           = "2003",
      eprint         = "hep-ex/0304040",
      archivePrefix  = "arXiv",
      primaryClass   = "hep-ex",
      SLACcitation   = "%%CITATION = HEP-EX/0304040;%%",
}
@article{Stepanyan:2003qr,
      author         = "Stepanyan, S. and others",
      title          = "{Observation of an exotic S = +1 baryon in exclusive
                        photoproduction from the deuteron}",
      collaboration  = "CLAS",
      journal        = "Phys.Rev.Lett.",
      volume         = "91",
      pages          = "252001",
      doi            = "10.1103/PhysRevLett.91.252001",
      year           = "2003",
      eprint         = "hep-ex/0307018",
      archivePrefix  = "arXiv",
      primaryClass   = "hep-ex",
      reportNumber   = "JLAB-PHY-03-132",
      SLACcitation   = "%%CITATION = HEP-EX/0307018;%%",
}
@article{Barth:2003es,
      author         = "Barth, J. and others",
      title          = "{Evidence for the positive strangeness pentaquark Theta+
                        in photoproduction with the SAPHIR detector at ELSA}",
      collaboration  = "SAPHIR",
      journal        = "Phys.Lett.",
      volume         = "B572",
      pages          = "127-132",
      doi            = "10.1016/j.physletb.2003.08.019",
      year           = "2003",
      eprint         = "hep-ex/0307083",
      archivePrefix  = "arXiv",
      primaryClass   = "hep-ex",
      SLACcitation   = "%%CITATION = HEP-EX/0307083;%%",
}
@article{Alt:2003vb,
      author         = "Alt, C. and others",
      title          = "{Observation of an exotic S = -2, Q = -2 baryon resonance
                        in proton proton collisions at the CERN SPS}",
      collaboration  = "NA49",
      journal        = "Phys.Rev.Lett.",
      volume         = "92",
      pages          = "042003",
      doi            = "10.1103/PhysRevLett.92.042003",
      year           = "2004",
      eprint         = "hep-ex/0310014",
      archivePrefix  = "arXiv",
      primaryClass   = "hep-ex",
      SLACcitation   = "%%CITATION = HEP-EX/0310014;%%",
}
@article{Abt:2004tz,
      author         = "Abt, I. and others",
      title          = "{Limits for the central production of $\Theta^+$ and $\Xi^{--}$
                        pentaquarks in 920-GeV pA collisions}",
      collaboration  = "HERA-B",
      journal        = "Phys.Rev.Lett.",
      volume         = "93",
      pages          = "212003",
      doi            = "10.1103/PhysRevLett.93.212003",
      year           = "2004",
      eprint         = "hep-ex/0408048",
      archivePrefix  = "arXiv",
      primaryClass   = "hep-ex",
      reportNumber   = "DESY-04-148",
      SLACcitation   = "%%CITATION = HEP-EX/0408048;%%",
}
@article{Aktas:2004qf,
      author         = "Aktas, A. and others",
      title          = "{Evidence for a narrow anti-charmed baryon state}",
      collaboration  = "H1",
      journal        = "Phys.Lett.",
      volume         = "B588",
      pages          = "17",
      doi            = "10.1016/j.physletb.2004.03.012",
      year           = "2004",
      eprint         = "hep-ex/0403017",
      archivePrefix  = "arXiv",
      primaryClass   = "hep-ex",
      reportNumber   = "DESY-04-038",
      SLACcitation   = "%%CITATION = HEP-EX/0403017;%%",
}
@article{Chekanov:2004qm,
      author         = "Chekanov, S. and others",
      title          = "{Search for a narrow charmed baryonic state decaying to
                        $D^{*-} p$ in $ep$ collisions at HERA}",
      collaboration  = "ZEUS",
      journal        = "Eur.Phys.J.",
      volume         = "C38",
      pages          = "29-41",
      doi            = "10.1140/epjc/s2004-02042-9",
      year           = "2004",
      eprint         = "hep-ex/0409033",
      archivePrefix  = "arXiv",
      primaryClass   = "hep-ex",
      reportNumber   = "DESY-04-164",
      SLACcitation   = "%%CITATION = HEP-EX/0409033;%%",
}
@article{Dzierba:2003cm,
      author         = "Dzierba, A.R. and Krop, D. and Swat, M. and Teige, S. and
                        Szczepaniak, A.P.",
      title          = "{The Evidence for a pentaquark signal and kinematic
                        reflections}",
      journal        = "Phys.Rev.",
      volume         = "D69",
      pages          = "051901",
      doi            = "10.1103/PhysRevD.69.051901",
      year           = "2004",
      eprint         = "hep-ph/0311125",
      archivePrefix  = "arXiv",
      primaryClass   = "hep-ph",
      SLACcitation   = "%%CITATION = HEP-PH/0311125;%%",
}
@article{Stone:2000an,
      author         = "Stone, Sheldon",
      title          = "{Pathological science}",
      pages          = "557-575",
      year           = "2000",
      eprint         = "hep-ph/0010295",
      archivePrefix  = "arXiv",
      primaryClass   = "hep-ph",
      reportNumber   = "SUHEP-00-09",
      SLACcitation   = "%%CITATION = HEP-PH/0010295;%%",
}

@article{Aaij:2014xza,
      author         = "Aaij, Roel and others",
      title          = "{Observation of overlapping spin-1 and spin-3 $\bar{D}^0
                        K^-$ resonances at mass $2.86~{\rm GeV}/c^2$}",
      collaboration  = "LHCb collaboration",
      journal        = "Phys.Rev.Lett.",
      volume         = "113",
      pages          = "162001",
      doi            = "10.1103/PhysRevLett.113.162001",
      year           = "2014",
      eprint         = "1407.7574",
      archivePrefix  = "arXiv",
      primaryClass   = "hep-ex",
      reportNumber   = "LHCB-PAPER-2014-035, CERN-PH-EP-2014-183",
      SLACcitation   = "%%CITATION = ARXIV:1407.7574;%%",
}
@article{Aaij:2014baa,
      author         = "Aaij, Roel and others",
      title          = "{Dalitz plot analysis of $B_s^0 \rightarrow \bar{D}^0 K^-
                        \pi^+$ decays}",
      collaboration  = "LHCb collaboration",
      journal        = "Phys.Rev.",
      volume         = "D90",
      pages          = "072003",
      doi            = "10.1103/PhysRevD.90.072003",
      year           = "2014",
      eprint         = "1407.7712",
      archivePrefix  = "arXiv",
      primaryClass   = "hep-ex",
      reportNumber   = "LHCB-PAPER-2014-036, CERN-PH-EP-2014-184",
      SLACcitation   = "%%CITATION = ARXIV:1407.7712;%%",
}
@article{Swanson:2015bsa,
      author         = "Swanson, E.S.",
      title          = "{Cusps and exotic charmonia}",
      year           = "2015",
      eprint         = "1504.07952",
      archivePrefix  = "arXiv",
      primaryClass   = "hep-ph",
      SLACcitation   = "%%CITATION = ARXIV:1504.07952;%%",
}
@article{Bugg:2011jr,
      author         = "Bugg, D.V.",
      title          = "{An explanation of Belle states $Z_b(10610)$ and
                        $Z_b(10650)$}",
      journal        = "Europhys.Lett.",
      volume         = "96",
      pages          = "11002",
      doi            = "10.1209/0295-5075/96/11002",
      year           = "2011",
      eprint         = "1105.5492",
      archivePrefix  = "arXiv",
      primaryClass   = "hep-ph",
      reportNumber   = "QMB-002",
      SLACcitation   = "%%CITATION = ARXIV:1105.5492;%%",
}
@article{Aaij:2015wza,
      author         = "Aaij, Roel and others",
      title          = "{Observation of the decay $\overline{B}_s^0 \rightarrow
                        \psi(2S) K^+ \pi^-$}",
      collaboration  = "LHCb collaboration",
      year           = "2015",
      eprint         = "1503.07112",
      archivePrefix  = "arXiv",
      primaryClass   = "hep-ex",
      reportNumber   = "CERN-PH-EP-2015-072, LHCB-PAPER-2015-010",
      SLACcitation   = "%%CITATION = ARXIV:1503.07112;%%",
}
@article{Choi:2007wga,
      author         = "Choi, S.K. and others",
      collaboration  = "Belle collaboration",
      title          = "{Observation of a resonance-like structure in the $\pi^{\pm}
                       \psi'$ mass distribution in exclusive $B \to K \pi^{\pm} \psi'$
                       decays}",
      journal        = "Phys.Rev.Lett.",
      volume         = "100",
      pages          = "142001",
      doi            = "10.1103/PhysRevLett.100.142001",
      year           = "2008",
      eprint         = "0708.1790",
      archivePrefix  = "arXiv",
      primaryClass   = "hep-ex",
      reportNumber   = "BELLE-CONF-0773",
      SLACcitation   = "%%CITATION = ARXIV:0708.1790;%%",
}
@article{Swanson:2014tra,
      author         = "Swanson, E.?S.",
      title          = "{$Z_b$ and $Z_c$ exotic states as coupled channel cusps}",
      journal        = "Phys.Rev.",
      volume         = "D91",
      pages          = "034009",
      doi            = "10.1103/PhysRevD.91.034009",
      year           = "2015",
      eprint         = "1409.3291",
      archivePrefix  = "arXiv",
      primaryClass   = "hep-ph",
      SLACcitation   = "%%CITATION = ARXIV:1409.3291;%%",
}
@article{Donoghue:1979mu,
      author         = "Donoghue, John F. and Golowich, Eugene and Ponce, William
                        A. and Holstein, Barry R.",
      title          = "{Analysis of $\Delta$S=1 nonleptonic weak decays and the
                        $\Delta$I=1/2 rule}",
      journal        = "Phys.Rev.",
      volume         = "D21",
      pages          = "186",
      doi            = "10.1103/PhysRevD.21.186",
      year           = "1980",
      reportNumber   = "MIT-CTP-798",
      SLACcitation   = "%%CITATION = PHRVA,D21,186;%%",
}
@lhcbreport{LHCb-ANA-2013-053,
      collaboration= "Joel Bressieux, Greig Cowan, Michal Kreps,, Olivier Schneider, Tomasz Skwarnicki, and Qian Wenbin",
      author       = "",
      title        = "{Evidence for the resonant character of the $Z(4430)^-\to\psi(2S)\pi^-$ mass peak observed in $\Bz\to\psi(2S)K^+\pi^-$ decays, and
      determination of the $Z(4430)^-$ spin-parity}",
      number       =     "LHCb-ANA-2013-053"
}
@lhcbreport{LHCb-ANA-2012-098, 
     author    = "Wicht, J.",
     number    = "{LHCb-ANA-2012-098}",
     title     = "{Measurement of the polarization of $\Lambda_b^0$ baryons produced in $pp$ collisions at $\sqrt{s}=7$ TeV}"
}
@article{Xie:2009rka,
      author         = "Xie, Yuehong",
      title          = "{sFit: a method for background subtraction in maximum
                        likelihood fit}",
      year           = "2009",
      eprint         = "0905.0724",
      archivePrefix  = "arXiv",
      primaryClass   = "physics.data-an",
      SLACcitation   = "%%CITATION = ARXIV:0905.0724;%%",
}
@article{Mizuk:2008me,
      author         = "Mizuk, R. and others",
      title          = "{Observation of two resonance-like structures in the $\pi^+
                        \chi_{c1}$ mass distribution in exclusive $\bar{B}^0 \to K^-
                        \pi^+ \chi_{c1}$ decays}",
      collaboration  = "Belle collaboration",
      journal        = "Phys.Rev.",
      volume         = "D78",
      pages          = "072004",
      doi            = "10.1103/PhysRevD.78.072004",
      year           = "2008",
      eprint         = "0806.4098",
      archivePrefix  = "arXiv",
      primaryClass   = "hep-ex",
      reportNumber   = "BELLE-CONF-0848",
      SLACcitation   = "%%CITATION = ARXIV:0806.4098;%%",
}
@article{Aaij:2014jqa,
      author         = "Aaij, Roel and others",
      title          = "{Observation of the resonant character of the $Z(4430)^-$
                        state}",
      collaboration  = "LHCb collaboration",
      journal        = "Phys.Rev.Lett.",
      volume         = "112",
      pages          = "222002",
      doi            = "10.1103/PhysRevLett.112.222002",
      year           = "2014",
      eprint         = "1404.1903",
      archivePrefix  = "arXiv",
      primaryClass   = "hep-ex",
      reportNumber   = "LHCB-PAPER-2014-014, CERN-PH-EP-2014-061",
      SLACcitation   = "%%CITATION = ARXIV:1404.1903;%%",
}
@article{Hicks:2005gp,
      author         = "Hicks, Kenneth H.",
      title          = "{Experimental search for pentaquarks}",
      journal        = "Prog.Part.Nucl.Phys.",
      volume         = "55",
      pages          = "647-676",
      doi            = "10.1016/j.ppnp.2005.05.002",
      year           = "2005",
      eprint         = "hep-ex/0504027",
      archivePrefix  = "arXiv",
      primaryClass   = "hep-ex",
      SLACcitation   = "%%CITATION = HEP-EX/0504027;%%",
}
@article{Belle:2011aa,
      author         = "Bondar, A. and others",
      title          = "{Observation of two charged bottomonium-like resonances
                        in Y(5S) decays}",
      collaboration  = "Belle collaboration",
      journal        = "Phys.Rev.Lett.",
      volume         = "108",
      pages          = "122001",
      doi            = "10.1103/PhysRevLett.108.122001",
      year           = "2012",
      eprint         = "1110.2251",
      archivePrefix  = "arXiv",
      primaryClass   = "hep-ex",
      SLACcitation   = "%%CITATION = ARXIV:1110.2251;%%",
}
@article{Krokovny:2013mgx,
      author         = "Krokovny, P. and others",
      title          = "{First observation of the $Z \frac{0}{b}$(10610) in a
                        Dalitz analysis of $\Upsilon$(10860) $\to
                        \Upsilon$(nS)$\pi^0 \pi^0$}",
      collaboration  = "Belle collaboration",
      journal        = "Phys.Rev.",
      volume         = "D88",
      pages          = "052016",
      doi            = "10.1103/PhysRevD.88.052016",
      year           = "2013",
      eprint         = "1308.2646",
      archivePrefix  = "arXiv",
      primaryClass   = "hep-ex",
      SLACcitation   = "%%CITATION = ARXIV:1308.2646;%%",
}
% The PDG 2020 update
@article{PDG,
     author    = "Tanabashi, M. and others",
 collaboration = "Particle Data Group",
     title     = "{\href{http://pdg.lbl.gov/}{Review of particle physics}}",
     journal   = "to be published in Prog. Theor. Exp. Phys. 2020, 083 C01 (2020)",
     note      = "and {\href{http://pdglive.lbl.gov/}{2020 update}}",
}
@article{Pivk:2004ty,
      author         = "Pivk, Muriel and Le Diberder, Francois R.",
      title          = "{sPlot: A statistical tool to unfold data distributions}",
      journal        = "Nucl.Instrum.Meth.",
      volume         = "A555",
      pages          = "356-369",
      doi            = "10.1016/j.nima.2005.08.106",
      year           = "2005",
      eprint         = "physics/0402083",
      archivePrefix  = "arXiv",
      primaryClass   = "physics.data-an",
      reportNumber   = "LAL-04-07",
      SLACcitation   = "%%CITATION = PHYSICS/0402083;%%",
}
@article{Aaij:2013oha,
      author         = "Aaij, R and others",
      title          = "{Precision measurement of the \Lb baryon
                        lifetime}",
      collaboration  = "LHCb collaboration",
      journal        = "Phys.Rev.Lett.",
      volume         = "111",
      pages          = "102003",
      doi            = "10.1103/PhysRevLett.111.102003",
      year           = "2013",
      eprint         = "1307.2476",
      archivePrefix  = "arXiv",
      primaryClass   = "hep-ex",
      reportNumber   = "CERN-PH-EP-2013-117, LHCB-PAPER-2013-032",
      SLACcitation   = "%%CITATION = ARXIV:1307.2476;%%",
}
@article{Aaij:2014zyy,
      author         = "Aaij, Roel and others",
      title          = "{Precision measurement of the ratio of the $\Lb$
                        to $\overline{B}^0$ lifetimes}",
      collaboration  = "LHCb collaboration",
      journal        = "Phys.Lett.",
      volume         = "B734",
      pages          = "122-130",
      doi            = "10.1016/j.physletb.2014.05.021",
      year           = "2014",
      eprint         = "1402.6242",
      archivePrefix  = "arXiv",
      primaryClass   = "hep-ex",
      reportNumber   = "CERN-PH-EP-2014-027, LHCB-PAPER-2014-003",
      SLACcitation   = "%%CITATION = ARXIV:1402.6242;%%",
}
@article{Aaltonen:2010pj,
      author         = "Aaltonen, T. and others",
      title          = "{Measurement of $b$ hadron lifetimes in exclusive decays
                        containing a $J/\psi$ in $p\overline{p}$ collisions at
                        $\sqrt{s}=1.96$TeV}",
      collaboration  = "CDF collaboration",
      journal        = "Phys.Rev.Lett.",
      volume         = "106",
      pages          = "121804",
      doi            = "10.1103/PhysRevLett.106.121804",
      year           = "2011",
      eprint         = "1012.3138",
      archivePrefix  = "arXiv",
      primaryClass   = "hep-ex",
      reportNumber   = "FERMILAB-PUB-10-514-E",
      SLACcitation   = "%%CITATION = ARXIV:1012.3138;%%",
}
@article{Aaltonen:2009zn,
      author         = "Aaltonen, T. and others",
      title          = "{Measurement of the $\Lb$ Lifetime in $\Lb\to \Lc\pi^-$
                         Decays in $p\overline{p}$ Collisions at
                        $sqrt{s}$ = 1.96 TeV}",
      collaboration  = "CDF collaboration",
      journal        = "Phys.Rev.Lett.",
      volume         = "104",
      pages          = "102002",
      doi            = "10.1103/PhysRevLett.104.102002",
      year           = "2010",
      eprint         = "0912.3566",
      archivePrefix  = "arXiv",
      primaryClass   = "hep-ex",
      reportNumber   = "FERMILAB-PUB-09-627-E",
      SLACcitation   = "%%CITATION = ARXIV:0912.3566;%%",
}
@article{Chatrchyan:2013sxa,
      author         = "Chatrchyan, Serguei and others",
      title          = "{Measurement of the $\Lb$ lifetime in $pp$ collisions
                        at $sqrt{s}$ = 7 TeV}",
      collaboration  = "CMS collaboration",
      year           = "2013",
      eprint         = "1304.7495",
      archivePrefix  = "arXiv",
      primaryClass   = "hep-ex",
      reportNumber   = "CMS-BPH-11-013, CERN-PH-EP-2013-065",
      SLACcitation   = "%%CITATION = ARXIV:1304.7495;%%",
}@article{Uraltsev:2000qw,
      author         = "Uraltsev, Nikolai",
      title          = "{Topics in the heavy quark expansion}",
      year           = "2000",
      eprint         = "hep-ph/0010328",
      archivePrefix  = "arXiv",
      primaryClass   = "hep-ph",
      reportNumber   = "UND-HEP-00-BIG-07",
      SLACcitation   = "%%CITATION = HEP-PH/0010328;%%",
}
@article{Battaglia:2003in,
      author         = "Battaglia, M. and Buras, A.J. and Gambino, P. and
                        Stocchi, A. and Abbaneo, D. and others",
      title          = "{The CKM matrix and the unitarity triangle. Workshop,
                        CERN, Geneva, Switzerland, 13-16 Feb 2002: Proceedings}",
      year           = "2003",
      eprint         = "hep-ph/0304132",
      archivePrefix  = "arXiv",
      primaryClass   = "hep-ph",
      reportNumber   = "CERN-2003-002, FERMILAB-CONF-02-422",
      SLACcitation   = "%%CITATION = HEP-PH/0304132;%%",
}
@book{Breiman,
  author =       {Breiman, L. and Friedman, J. H. and Olshen,
                  R. A. and Stone, C. J.},
  title =        {Classification and regression trees},
  publisher =    {Wadsworth international group},
  year =         {1984},
  address =      {Belmont, California, USA},
}
@article{Tarantino:2003qw,
      author         = "Tarantino, Cecilia",
      title          = "{Beauty hadron lifetimes and B meson \CP violation
                        parameters from lattice QCD}",
      journal        = "Eur.Phys.J.",
      volume         = "C33",
      pages          = "S895-S899",
      doi            = "10.1140/epjcd/s2003-03-1006-y",
      year           = "2004",
      eprint         = "hep-ph/0310241",
      archivePrefix  = "arXiv",
      primaryClass   = "hep-ph",
      SLACcitation   = "%%CITATION = HEP-PH/0310241;%%",
}

@article{Beringer:1900zz,
      author         = "Beringer, J. and others",
      title          = "{Review of Particle Physics}",
      collaboration  = "Particle Data Group",
      journal        = "Phys.Rev.",
      volume         = "D86",
      pages          = "010001",
      doi            = "10.1103/PhysRevD.86.010001",
      year           = "2012",
      SLACcitation   = "%%CITATION = PHRVA,D86,010001;%%",
}
@article{Aaij:2012nta,
      author         = "Aaij, R. and others",
      title          = "{Measurement of the $\Bsb$ effective lifetime in the $\jpsi f_0(980)$
                        final state}",
      collaboration  = "LHCb collaboration",
      journal        = "Phys.Rev.Lett.",
      volume         = "109",
      pages          = "152002",
      doi            = "10.1103/PhysRevLett.109.152002",
      year           = "2012",
      eprint         = "1207.0878",
      archivePrefix  = "arXiv",
      primaryClass   = "hep-ex",
      SLACcitation   = "%%CITATION = ARXIV:1207.0878;%%",
}
@article{:2012shb,
      author         = "Aad, Georges and others",
      title          = "{Measurement of the $\Lb$ lifetime and mass in the
                        ATLAS experiment}",
      collaboration  = "ATLAS collaboration",
      year           = "2012",
      eprint         = "1207.2284",
      archivePrefix  = "arXiv",
      primaryClass   = "hep-ex",
      reportNumber   = "CERN-PH-EP-2012-163",
      SLACcitation   = "%%CITATION = ARXIV:1207.2284;%%",
}

@article{LHCb-det,
      author         = "Alves~Jr., A.Augusto and others",
      title          = "{The LHCb detector at the LHC}",
      collaboration  = "LHCb collaboration",
      journal        = "JINST",
      volume         = "3",
      pages          = "S08005",
      doi            = "10.1088/1748-0221/3/08/S08005",
      year           = "2008",
}
@article{Stone:2009hd,
      author         = "Stone, Sheldon and Zhang, Liming",
      title          = "{Measuring the \CP Violating Phase in \Bs Mixing Using
                        $\Bs\to J/\psi f_0(980)$}",
      year           = "2009",
      eprint         = "0909.5442",
      archivePrefix  = "arXiv",
      primaryClass   = "hep-ex",
      reportNumber   = "LHCB-PUB-2009-015, CERN-LHCB-2009-037,
                        CERN-LHCB-PUB-2009-015",
      SLACcitation   = "%%CITATION = ARXIV:0909.5442;%%",
}
@article{2007physics...3039H,
   author = {{Hoecker}, A. and {Speckmayer}, P. and {Stelzer}, J. and {Therhaag}, J. and 
	{von Toerne}, E. and {Voss}, H. and {Backes}, M. and {Carli}, T. and 
	{Cohen}, O. and {Christov}, A. and {Dannheim}, D. and {Danielowski}, K. and 
	{Henrot-Versille}, S. and {Jachowski}, M. and {Kraszewski}, K. and 
	{Krasznahorkay}, Jr., A. and {Kruk}, M. and {Mahalalel}, Y. and 
	{Ospanov}, R. and {Prudent}, X. and {Robert}, A. and {Schouten}, D. and 
	{Tegenfeldt}, F. and {Voigt}, A. and {Voss}, K. and {Wolter}, M. and 
	{Zemla}, A.},
    title = "{TMVA -- Toolkit for multivariate data analysis}",
     year = "2007",
   eprint = "physics/0703039",
       archivePrefix  = "arXiv",
      primaryClass   = "hep-ex",
adsnote = {Provided by the SAO/NASA Astrophysics Data System}
}
@article{Aaij:2014zsa,
      author         = "Aaij, Roel and others",
      title          = "{Precision measurement of $\CP$ violation in $\Bs \to
                        J/\psi K^+K^-$ decays}",
      collaboration  = "LHCb",
      journal        = "Phys.Rev.Lett.",
      volume         = "114",
      pages          = "041801",
      doi            = "10.1103/PhysRevLett.114.041801",
      year           = "2015",
      eprint         = "1411.3104",
      archivePrefix  = "arXiv",
      primaryClass   = "hep-ex",
      reportNumber   = "LHCB-PAPER-2014-059, CERN-PH-EP-2014-271,
                        LHCB-PAPER-2014-059-AND-CERN-PH-EP-2014-271",
      SLACcitation   = "%%CITATION = ARXIV:1411.3104;%%",
}

@Article{Agostinelli:2002hh,
     author    = "Agostinelli, S. and others",
 collaboration = "Geant4 collaboration",
     title     = "{Geant4: A simulation toolkit}",
     journal   = "Nucl. Instrum. Meth.",
     volume    = "A506",
     year      = "2003",
     pages     = "250",
     doi       = "10.1016/S0168-9002(03)01368-8",
     SLACcitation  = "%%CITATION = NUIMA,A506,250;%%"
}
@article{Allison:2006ve,
      author         = "Allison, John and Amako, K. and Apostolakis, J. and
                        Araujo, H. and Dubois, P.A. and others",
 collaboration = "Geant4 collaboration",
      title          = "{Geant4 developments and applications}",
      journal        = "IEEE Trans.Nucl.Sci.",
      volume         = "53",
      pages          = "270",
      doi            = "10.1109/TNS.2006.869826",
      year           = "2006",
      reportNumber   = "SLAC-PUB-11870",
      SLACcitation   = "%%CITATION = IETNA,53,270;%%",
}

@article{LHCb-PROC-2011-005,
     author         = "Belyaev, I. and others",
     title          = "{Handling of the generation of primary events
in \gauss, the \lhcb simulation framework}",
     journal        = "Nuclear Science Symposium Conference Record
(NSS/MIC)",
     volume         = "IEEE",
     pages          = "1155",
     year           = "2010",
     doi            = "10.1109/NSSMIC.2010.5873949",
}

@article{Abazov:2012iy,
      author         = "Abazov, Victor Mukhamedovich and others",
      title          = "{Measurement of the $\Lambda_b^0$ lifetime in the
                        exclusive decay $\Lambda_b^0 \to J/\psi \Lambda^0$ in
                        $p\bar{p}$ collisions at $\sqrt{s}=1.96$ TeV}",
      collaboration  = "D0 collaboration",
      journal        = "Phys.Rev.",
      volume         = "D85",
      pages          = "112003",
      doi            = "10.1103/PhysRevD.85.112003",
      year           = "2012",
      eprint         = "1204.2340",
      archivePrefix  = "arXiv",
      primaryClass   = "hep-ex",
      reportNumber   = "FERMILAB-PUB-12-097-E",
      SLACcitation   = "%%CITATION = ARXIV:1204.2340;%%",
}
@misc{CMS-lifetime,
      collaboration       = "CMS collaboration",
      title        = "{Measurement of the $\Lb$ lifetime}",
      note       = "{\href{https://twiki.cern.ch/twiki/bin/view/CMSPublic/PhysicsResultsBPH11013}{PhysicsResultsBPH11013}}",
}
@article{Aaij:2013orb,
      author         = "Aaij, R and others",
      title          = "{Amplitude analysis and branching fraction measurement of
                        $\Bsb\to\jpsi\KpKm$}",
      collaboration  = " LHCb collaboration",
      year           = "2013",
      eprint         = "1302.1213",
      archivePrefix  = "arXiv",
      primaryClass   = "hep-ex",
      reportNumber   = "LHCB-PAPER-2012-040, CERN-PH-EP-2013-008",
      SLACcitation   = "%%CITATION = ARXIV:1302.1213;%%",
}
@lhcbreport{LHCb-ANA-2012-047,
      collaboration= "Anna Phan, Sheldon Stone, Liming Zhang",
      author       = "",
      title        = "{Measurement of the $\Bsb$ effective lifetime in the $\jpsi f_0(980)$ final state}",
      number       = "LHCb-ANA-2012-047"    
}
@lhcbreport{LHCb-ANA-2011-001,
      collaboration= "R. Aaij $et~al.$",
      author       = "",
      title        = "{Selections and lifetime measurements for exclusive $b\to \jpsi X$ decays with $\jpsi\to\mu^+\mu^-$ with 2010 data}",
      number       = "LHCb-ANA-2011-001"    
}
@article{Santos:2013gra,
      author         = "Mart\'{\i}nez Santos, Diego and Dupertuis, Frederic",
      title          = "{Mass distributions marginalized over per-event errors}",
      journal        = "Nucl.Instrum.Meth.",
      volume         = "A764",
      pages          = "150-155",
      doi            = "10.1016/j.nima.2014.06.081",
      year           = "2014",
      eprint         = "1312.5000",
      archivePrefix  = "arXiv",
      primaryClass   = "hep-ex",
      SLACcitation   = "%%CITATION = ARXIV:1312.5000;%%",
}

@article{GellMann:1964nj,
      author         = "Gell-Mann, Murray",
      title          = "{A schematic model of baryons and mesons}",
      journal        = "Phys.Lett.",
      volume         = "8",
      pages          = "214-215",
      doi            = "10.1016/S0031-9163(64)92001-3",
      year           = "1964",
      SLACcitation   = "%%CITATION = PHLTA,8,214;%%",
}

@book{james2006statistical,
  title={Statistical methods in experimental physics},
  author={James, F.},
  isbn={9789812705273},
  lccn={75157034},
  year={2006},
  publisher={World Scientific Publishing}
}
@article{Chilikin:2013tch,
      author         = "Chilikin, K. and others",
      title          = "{Experimental constraints on the spin and parity of the
                        $Z(4430)^+$}",
      collaboration  = "Belle collaboration",
      journal        = "Phys.Rev.",
      volume         = "D88",
      pages          = "074026",
      doi            = "10.1103/PhysRevD.88.074026",
      year           = "2013",
      eprint         = "1306.4894",
      archivePrefix  = "arXiv",
      primaryClass   = "hep-ex",
      reportNumber   = "BELLE-PREPRINT-2013-12, KEK-PREPRINT-2013-22",
      SLACcitation   = "%%CITATION = ARXIV:1306.4894;%%",
}

@article{Aston:1993qc,
    author = "Aston, D. and others",
    title = "{Evidence for two J(P) = 2- strange meson states in the K(2) (1770) region}",
    reportNumber = "SLAC-PUB-6031",
    doi = "10.1016/0370-2693(93)90620-W",
    journal = "Phys. Lett. B",
    volume = "308",
    pages = "186--192",
    year = "1993"
}


@article{Cheng:2015cca,
      author         = "Cheng, Hai-Yang and Chua, Chun-Khiang",
      title          = "{Bottom baryon decays to pseudoscalar meson and
                        pentaquark}",
      journal        = "Phys. Rev.",
      volume         = "D92",
      year           = "2015",
      pages          = "096009",
      doi            = "10.1103/PhysRevD.92.096009",
      eprint         = "1509.03708",
      archivePrefix  = "arXiv",
      primaryClass   = "hep-ph",
      SLACcitation   = "%%CITATION = ARXIV:1509.03708;%%"
}



@article{Hsiao:2015nna,
      author         = "Hsiao, Y. K. and Geng, C. Q.",
      title          = "{Pentaquarks from intrinsic charms in $\Lb$ decays}",
      journal        = "Phys. Lett.",
      volume         = "B751",
      year           = "2015",
      pages          = "572-575",
      doi            = "10.1016/j.physletb.2015.11.016",
      eprint         = "1508.03910",
      archivePrefix  = "arXiv",
      primaryClass   = "hep-ph",
      SLACcitation   = "%%CITATION = ARXIV:1508.03910;%%"
}



@article{Arndt:2005dg,
      author         = "Arndt, R. A. and Briscoe, W. J. and Morrison, T. W. and
                        Strakovsky, I. I. and Workman, R. L. and Gridnev, A. B.", 
      title          = "{Low-energy eta N interactions: Scattering lengths and
                        resonance parameters}",
      journal        = "Phys. Rev.",
      volume         = "C72",
      year           = "2005",
      pages          = "045202",
      doi            = "10.1103/PhysRevC.72.045202",
      eprint         = "nucl-th/0507024",
      archivePrefix  = "arXiv",
      primaryClass   = "nucl-th",
      SLACcitation   = "%%CITATION = NUCL-TH/0507024;%%"
}

@article{Arndt:2006bf,
      author         = "Arndt, R. A. and Briscoe, W. J. and Strakovsky, I. I. and
                        Workman, R. L.", 
      title          = "{Extended partial-wave analysis of piN scattering data}",
      journal        = "Phys. Rev.",
      volume         = "C74",
      year           = "2006",
      pages          = "045205",
      doi            = "10.1103/PhysRevC.74.045205",
      eprint         = "nucl-th/0605082",
      archivePrefix  = "arXiv",
      primaryClass   = "nucl-th",
      SLACcitation   = "%%CITATION = NUCL-TH/0605082;%%"
}

@article{Anisovich:2011fc,
      author         = "Anisovich, A. V. and Beck, R. and Klempt, E. and Nikonov,
                        V. A. and Sarantsev, A. V. and Thoma, U.",
      title          = "{Properties of baryon resonances from a multichannel
                        partial wave analysis}",
      journal        = "Eur. Phys. J.",
      volume         = "A48",
      year           = "2012",
      pages          = "15",
      doi            = "10.1140/epja/i2012-12015-8",
      eprint         = "1112.4937",
      archivePrefix  = "arXiv",
      primaryClass   = "hep-ph",
      SLACcitation   = "%%CITATION = ARXIV:1112.4937;%%"
}

@article{Chilikin:2014bkk,
      author         = "Chilikin, K. and others",
      title          = "{Observation of a new charged charmoniumlike state in
                        $\bar{B}^0 \to \jpsi \Km \pip$ decays}",
      collaboration  = "Belle",
      journal        = "Phys. Rev.",
      volume         = "D90",
      year           = "2014",
      pages          = "112009",
      doi            = "10.1103/PhysRevD.90.112009",
      eprint         = "1408.6457",
      archivePrefix  = "arXiv",
      primaryClass   = "hep-ex",
      reportNumber   = "BELLE-PREPRINT-2014-12, KEK-PREPRINT-2014-19",
      SLACcitation   = "%%CITATION = ARXIV:1408.6457;%%"
}



@article{Huang:2004tn,
      author         = "Huang, P. Z. and Liu, Y. R. and Deng, W. Z. and Chen, X.
                        L. and Zhu, Shi-Lin",
      title          = "{Heavy pentaquarks}",
      journal        = "Phys. Rev.",
      volume         = "D70",
      year           = "2004",
      pages          = "034003",
      doi            = "10.1103/PhysRevD.70.034003",
      eprint         = "hep-ph/0401191",
      archivePrefix  = "arXiv",
      primaryClass   = "hep-ph",
      SLACcitation   = "%%CITATION = HEP-PH/0401191;%%"
}




